@article{allkofer,
    author  = "Y. Allkofer et al.",
    title   = "Design and performance of the silicon sensors for the CMS barrel pixel detector",
    year    = "2008",
    journal = "Nucl. Instrum. Meth.",
    volume  = "584",
    number  = "1",
    pages   = "25-41"
}
@article{kaestli,
    author  = {H.Chr. K{\"a}stli et al.},
    title   = {Design and performance of the CMS pixel detector readout chip},
    year    = 2006,
    journal = {Nucl. Instrum. Meth.},
    volume  = 565,
    number  = 1,
    pages   = {188-194}
}
@phdthesis{dambach,
    author  = "S. Dambach",
    title   = "CMS pixel module optimization and B meson lifetime measurements",
	school  = {ETH Z{\"u}rich},
	year    = "2009"
}
}@article{kaestldfi,
    author  = "",
    title   = "",
    year    = "",
    journal = "",
    volume  = "",
    number  = "",
    pages   = ""
}
@unpublished{hits,
  author       = {D. Hits, A. Starodumov}, 
  title        = {The CMS pixel readout chip for the Phase 1 Upgrade},
  month        = 9,
  year         = 2014
}
@manual{psi46chip,
  title        = {PSI46 Pixel Chip - External Specification},
  author	   = {Kurt Gabathuler},
  organization = {Paul Scherrer Institut},
  month		   = 10,
  year         = 2005,
}
@manual{spannagel,
  title        = {pXar - Pixel chip DAQ and test suite - workshop},
  author       = {Simon Spannagel}, 
  organization = {DESY},
  month        = 5,
  year         = 2014,
}
@manual{eudaq,
  title        = {EUDAQ Software User Manual},
  author       = {E. Corrin}, 
  organization = {Universit{\'e} de Gen{\`e}ve},
  month        = 4,
  year         = 2010,
}
@techreport{lhc,
  title        = {CERN faq LHC the guide},
  institution  = {CERN Communication Group},
  year         = 2009,
  number       = 3,
  month        = 4,
}
@article{pixadd,
    author  = {CMS Collaboration},
    title   = {Addendum to the CMS Tracker TDR by the CMS Collaboration},
    year    = 2000,
    journal = {CMS TDR},
    volume  = 5,
    number  = 1
}
@article{pdg,
  author  = {K.A. Olive et al.}, 
  title   = {Review of Particle Physics},
  journal = {Chinese Physics C},
  year    = 2014,
  number  = 9,
  month   = 090001,
  volume  = 38
}
@article{murphy,
  author         = {Murphy, Sebastien},
  title          = {Preliminary results of charged pions cross-section in proton carbon interaction at 30 GeV measured with the NA61/SHINE detector},
  collaboration  = {NA61/SHINE},
  year           = 2010
}
@misc{hyperphys,
  author = {Rod Nave},
  title = {Fermi Function},
  howpublished = {\url{http://hyperphysics.phy-astr.gsu.edu/hbase/solids/fermi.html}},
  year = {2015}, 
  note = {[Online; accessed 03-09-2015]}
}
@book{leo,
  author    = {William R. Leo}, 
  title     = {Techniques for Nuclear and Particle Physics Experiments},
  publisher = {Springer},
  year      = 1994,
  volume    = 2,
  isbn      = {78-3-642-57920-2}
}
@article{cmsdet,
      author         = "Sakuma, Tai and McCauley, Thomas",
      title          = "{Detector and Event Visualization with SketchUp at the CMS Experiment}",
      journal        = "J. Phys. Conf. Ser.",
      volume         = "513",
      year           = "2014",
      pages          = "022032",
}
@phdthesis{bora,
      author         = "Isildak, Bora",
      title          = "{Measurement of the differential dijet production cross
                        section in proton-proton collisions at $\sqrt{s} = 7$
                        tev}",
      school         = "Bogazici U.",
      year           = "2011",
}
@misc{cmsweb,
  author = {Lucas Taylor},
  title = {Detector Overview},
  howpublished = {\url{http://cms.web.cern.ch/news/detector-overview}},
  year = {2011},
  month = 11,
  note = {[Online; accessed 09-09-2015]}
}
@misc{dectris,
  title = {Dectris homepage, Hybrid Pixel Details},
  howpublished = {\url{https://www.dectris.com/Hybrid-Pixel_Details.html}},
  note = {[Online; accessed 09-09-2015]}
}