@article{allkofer,
    author  = "Y. Allkofer et al.",
    title   = "Design and performance of the silicon sensors for the CMS
barrel pixel detector",
    year    = "2008",
    journal = "Nucl. Instrum. Meth.",
    volume  = "584",
    number  = "1",
    pages   = "25-41"
}
@article{kaestli,
    author  = "H.Chr. Kästli et al.",
    title   = "Design and performance of the CMS pixel detector readout chip",
    year    = "2006",
    journal = "Nucl. Instrum. Meth.",
    volume  = "565",
    number  = "1",
    pages   = "188-194"
}@phdthesis{dambach,
    author  = "S. Dambach",
    title   = "CMS pixel module optimization and B meson lifetime measurements",
	school  = ETH Zürich,
	year    = "2009"
}
}@article{kaestldfi,
    author  = "",
    title   = "",
    year    = "",
    journal = "",
    volume  = "",
    number  = "",
    pages   = ""
}
@unpublished{hits,
  author       = {D. Hits, A. Starodumov}, 
  title        = {The CMS pixel readout chip for the Phase 1 Upgrade},
  month        = 9,
  year         = 2014
}
@manual{psi46chip,
  title        = {PSI46 Pixel Chip - External Specification},
  author	   = {Kurt Gabathuler},
  organization = {Paul Scherrer Institut},
  month		   = {10},
  year         = {2005},
}
@manual{spannagel,
  title        = {pXar - Pixel chip DAQ and test suite - workshop},
  author       = {Simon Spannagel}, 
  organization = {DESY},
  month        = 5,
  year         = 2014,
}
@manual{eudaq,
  title        = {EUDAQ Software User Manual},
  author       = {E. Corrin}, 
  organization = {Universit\'{e} de Gen\`{e}ve},
  month        = 4,
  year         = 2010,
}